%%%% REFERÊNCIAS
%%
%% Conjunto padronizado de elementos descritivos retirados de um documento, que permite sua identificação individual.
%%
%% Cada entrada no arquivo BibTeX segue um formato padrão. Este formato muda ligeiramente baseado no tipo de entrada, mas a sintaxe
%% continua a mesma.
%%
%% O rótulo de cada entrada não pode conter caracteres especiais, acentuados ou cedilha.
%%
%% A formatação do texto no campo "AUTHOR" deve obedecer algumas regras:
%%   - Acento agudo:        "á = {\'a}".
%%   - Acento crase:        "à = {\`a}".
%%   - Acento til:          "ã = {\~a}".
%%   - Acento circunflexo:  "ê = {\^e}".
%%   - Acento trema:        "ü = {\"u}".
%%   - Acento na letra i:   "í = {\'\i}".
%%   - Cedilha:             "ç = {\c{c}}".
%%   - Sobrenome composto:  "Santos, Filho, Jos{\'e} C. S.; da Silva, Erivanildo Lopes".
%%   - Nome de organização: "{\mbox IONA Technologies PLC}".
%%
%% A formatação do texto no campo "TITLE" deve obedecer algumas regras (também válidas para o texto no campo "AUTHOR"):
%%   - MAIÚSCULAS: "REAL = {REAL}".
%%   - Minúsculas: "real = {real}".
%%   - CamelCase:  "Real = {R}eal".

%% TIPOS DE ENTRADA
%%
%% Ao inserir uma referência no banco de dados, a primeira coisa a decidir é o tipo de entrada. Existem vários tipos de entrada, mas
%% não são completas, porém são suficientes para o BibTeX fornecer entradas para lidar com praticamente qualquer tipo de referência
%% razoavelmente bem.

%% ARTICLE - Um artigo de um jornal ou revista.
%%   - Campos requeridos: AUTHOR, TITLE, JOURNAL e YEAR.
%%   - Campos opcionais: VOLUME, NUMBER, PAGES, MONTH e NOTE.

@article{curr_sens_tech,
	title = {Current {Sensing} {Techniques}: {A} {Review}},
	volume = {9},
	issn = {1530-437X},
	shorttitle = {Current {Sensing} {Techniques}},
	url = {http://ieeexplore.ieee.org/document/4797906/},
	doi = {10.1109/JSEN.2009.2013914},
	number = {4},
	urldate = {2023-06-04},
	journal = {IEEE Sensors Journal},
	author = {Ziegler, Silvio and Woodward, Robert C. and Iu, Herbert Ho-Ching and Borle, Lawrence J.},
	month = apr,
	year = {2009},
	pages = {354--376},
}

@ARTICLE{current_sensor_review,
	title = {Electric current sensors: a review},
	volume = {21},
	issn = {0957-0233, 1361-6501},
	shorttitle = {Electric current sensors},
	url = {https://iopscience.iop.org/article/10.1088/0957-0233/21/11/112001},
	doi = {10.1088/0957-0233/21/11/112001},
	number = {11},
	urldate = {2023-06-04},
	journal = {Measurement Science and Technology},
	author = {Ripka, Pavel},
	month = nov,
	year = {2010},
	pages = {112001},
	file = {Accepted Version:C\:\\Users\\andre\\Zotero\\storage\\A2NNLW82\\Ripka - 2010 - Electric current sensors a review.pdf:application/pdf},
}

%% BOOK - Um livro com uma editora explícita.
%%   - Campos requeridos: AUTHOR ou EDITOR, TITLE, PUBLISHER e YEAR.
%%   - Campos opcionais: VOLUME ou NUMBER, SERIES, ADDRESS, EDITION, MONTH e NOTE.

@book{helfrick_modern_2005,
	address = {Delhi},
	edition = {3. Indian Repr},
	title = {Modern electronic instrumentation and measurement techniques},
	isbn = {978-81-297-0731-4},
	publisher = {Pearson Education},
	author = {Helfrick, Albert D. and Cooper, William D.},
	year = {2005},
}


%% BOOKLET - Uma obra impressa mas sem uma editora ou instituição patrocinadora.
%%   - Campos requeridos: TITLE.
%%   - Campos opcionais: AUTHOR, HOWPUBLISHED, ADDRESS, MONTH, YEAR e NOTE.

%% CONFERENCE - O mesmo que "INPROCEEDINGS", incluído para compatibilidade de escrita.
%%   - Campos requeridos: AUTHOR, TITLE, BOOKTITLE e YEAR.
%%   - Campos opcionais: EDITOR, VOLUME ou NUMBER, SERIES, PAGES, ADDRESS, MONTH, ORGANIZATION, PUBLISHER e NOTE.


%% INBOOK - Uma parte de um livro, que pode ser um capítulo e/ou um intervalo de páginas.
%%   - Campos requeridos: AUTHOR ou EDITOR, TITLE, CHAPTER ou PAGES, PUBLISHER e YEAR.
%%   - Campos opcionais: VOLUME ou NUMBER, SERIES, TYPE, ADDRESS, EDITION, MONTH, NOTE.

%% INCOLLECTION - Uma parte de um livro com o seu próprio título.
%%   - Campos requeridos: AUTHOR, TITLE, BOOKTITLE, PUBLISHER e YEAR.
%%   - Campos opcionais: EDITOR, VOLUME OR NUMBER, SERIES, TYPE, CHAPTER, PAGES, ADDRESS, EDITION, MONTH e NOTE.

%% INPROCEEDINGS - Um artigo nos anais de uma conferência.
%%   - Campos requeridos: AUTHOR, TITLE, BOOKTITLE e YEAR.
%%   - Campos opcionais: EDITOR, VOLUME ou NUMBER, SERIES, PAGES, ADDRESS, MONTH, ORGANIZATION, PUBLISHER e NOTE.

%% MANUAL - Uma documentação técnica.
%%   - Campos requeridos: TITLE.
%%   - Campos opcionais: AUTHOR, ORGANIZATION, ADDRESS, EDITION, MONTH, YEAR e NOTE.

@MANUAL{acs712,
  title = {ACS712 datasheet},
  company = {Allegro Micro Systems},
	url = {https://datasheetspdf.com/pdf-file/570845/AllegroMicroSystems/ACS712/1},
	abstract = {Download ACS712 pdf datasheet file},
	urldate = {2023-06-04},
}

@MANUAL{ad202,
  title = {AD202 datasheet},
  company = {Analog Devices},
	url = {https://www.digchip.com/datasheets/parts/datasheet/041/AD202-pdf.php},
  abstract = {""},
	urldate = {2023-06-04},
}

%% MASTERSTHESIS - Uma dissertação de mestrado.
%%   - Campos requeridos: AUTHOR, TITLE, SCHOOL e YEAR.
%%   - Campos opcionais: TYPE, ADDRESS, MONTH e NOTE.

%% MISC - Use esse tipo quando nada mais se encaixa.
%%   - Campos requeridos: "NENHUM".
%%   - Campos opcionais: AUTHOR, TITLE, HOWPUBLISHED, MONTH, YEAR e NOTE.

@misc{base_alarms,
	title = {Basics of {Alarms} and {Trips} - {Instrumentation} {Tools}},
	url = {https://instrumentationtools.com/basics-of-alarms-and-trips/},
	abstract = {The basic purpose of Alarms and /Trips : Something happens, a signal peaks or falls and you need to know that so an control action can be taken,},
	language = {en-us},
	urldate = {2023-06-05},
	journal = {Inst Tools},
	author = {Staff, Editorial},
	month = aug,
	year = {2015},
}

@misc{comp_ncbraga,
	title = {Como {Funciona} o {Comparador} de {Tensão} ({ART1511})},
	url = {https://www.newtoncbraga.com.br/index.php/como-funciona/12973-como-funciona-o-comparador-de-tensao-art1511.html},
	abstract = {Um circuito de grande utilidade, disponível na forma integrada, apresentando características que permitem sua utilização numa infinidade de projetos é o comparador de tensão. Neste artigo mostramos como ele funciona e como podemos utilizá-lo nas aplicações práticas....},
	language = {pt-br},
	urldate = {2023-06-05},
	journal = {Instituto Newton C. Braga},
	author = {Braga, Newton C.},
}

%% PHDTHESIS - Uma tese de doutorado.
%%   - Campos requeridos: AUTHOR, TITLE, SCHOOL e YEAR.
%%   - Campos opcionais: TYPE, ADDRESS, MONTH e NOTE.

%% PROCEEDINGS - As deliberações de uma conferência.
%%   - Campos requeridos: TITLE e YEAR.
%%   - Campos opcionais: EDITOR, VOLUME ou NUMBER, SERIES, ADDRESS, MONTH, ORGANIZATION, PUBLISHER e NOTE.

%% TECHREPORT - Um relatório publicado por uma escola ou uma outra instituição, geralmente dentro de uma série numerada.
%%   - Campos requeridos: AUTHOR, TITLE, INSTITUTION e YEAR.
%%   - Campos opcionais: TYPE, NUMBER, ADDRESS, MONTH e NOTE.

%% UNPUBLISHED - Um documento com um autor e um título, mas não publicado formalmente.
%%   - Campos requeridos: AUTHOR, TITLE e NOTE.
%%   - Campos opcionais: MONTH e YEAR.

%% CAMPOS
%%
%% Os tipos de entradas bibliográficas contém alguns subconjuntos padrões de entradas de dados:
%%   - ADDRESS: Endereço da editora (normalmente, apenas a cidade, mas pode ser o endereço completo para editoras menos conhecidas).
%%   - ANNOTE: Uma anotação para estilos bibliográficos adotados (não típico).
%%   - AUTHOR: O(s) nome(s) do(s) autor(es) (no caso de haver mais de um autor, separá-los por "and").
%%   - BOOKTITLE: O título do livro, mesmo que apenas parte dele esteja sendo citado.
%%   - CHAPTER: O número do capítulo.
%%   - CROSSREF: A chave de entrada da referência cruzada.
%%   - EDITION: A edição de um livro, forma longa (como o "primeiro" ou "segundo").
%%   - EDITOR: O(s) nome(s) do(s) editor(es).
%%   - EPRINT: A especificação de uma publicação eletrônica, muitas vezes um "preprint" ou um relatório técnico.
%%   - HOWPUBLISHED: Como ele foi publicado, se o método de publicação não é típico.
%%   - INSTITUTION: A instituição que esteve envolvida na publicação, mas não é necessariamente a editora.
%%   - JOURNAL: O jornal ou a revista onde o trabalho foi publicado.
%%   - KEY: Um campo oculto utilizado para especificar ou colocar em ordem alfabética as entradas (quando o campos "autor" e
%%     "editor" estão em falta). Note que isto é muito diferente da chave (mencionados apenas após esta lista) que é usado para
%%     citar ou fazer uma referência cruzada à entrada.
%%   - MONTH: O mês de publicação (ou, se não publicado, no mês de criação).
%%   - NOTE: Diversas informações extras.
%%   - NUMBER: O "número" de um jornal, uma revista, ou um relatório técnico, se aplicável. (A maioria das publicações tem um campo
%%     "volume", mas não o campo "número").
%%   - ORGANIZATION: A organização patrocinadora.
%%   - PAGES: números de página, separados por vírgulas ou hifens duplo. Para os livros, o número total de páginas.
%%   - PUBLISHER: O nome da editora.
%%   - SCHOOL: A escola onde a tese ou dissertação foi escrita.
%%   - SERIES: A série de livros onde foi publicado em (por exemplo: "A Hardy Boys" ou "Lecture Notes in Computer Science").
%%   - TITLE: o título do trabalho.
%%   - TYPE: O tipo de relatório técnico, por exemplo, "Nota de Investigação".
%%   - URL: O endereço da web.
%%   - VOLUME: O volume de uma revista ou de um livro com vários volumes.
%%   - YEAR: O ano de publicação (ou, se não publicado, o ano de criação).
%%
%% Além disto, cada entrada contém uma chave (rótulo) que é usada para citar ou uma entrada de referência cruzada. Esta chave é o
%% primeiro item em uma entrada BibTeX, e não faz parte de qualquer domínio.





